<?xml version="1.0" encoding="UTF-8"?><collection xmlns="http://www.loc.gov/MARC21/slim"><record><leader>00338nam--2200133-i-4500</leader><controlfield tag="001">000048982</controlfield><controlfield tag="002">20161230</controlfield><controlfield tag="005">20170116003826</controlfield><controlfield tag="008">060222s1000------------r-----000-0-eng-d</controlfield><datafield ind1=" " ind2=" " tag="245"><subfield code="a">Radiochemistry laboratory</subfield></datafield><datafield ind1=" " ind2=" " tag="260"><subfield code="a">Trombay</subfield><subfield code="b">Atomic Energy Establishment</subfield><subfield code="c">[1956]</subfield></datafield><datafield ind1=" " ind2=" " tag="300"><subfield code="a">12 p.+1 Pl</subfield></datafield><datafield ind1=" " ind2=" " tag="852"><subfield code="a">5499</subfield></datafield><datafield ind1=" " ind2=" " tag="CAT"><subfield code="a">SYS</subfield><subfield code="c">20170116</subfield><subfield code="h">003826</subfield></datafield></record></collection>